@Article{haykin2005,
    author = "Simon Haykin",
    title = "Cognitive Radio: Brain-Empowered Wireless Communications",
    journal = "IEEE Journal on selected areas in communications",
    year = 2005,
    volume = 23,
    number = 2,  
}